%% This BibTeX bibliography file was created using BibDesk.
%% http://bibdesk.sourceforge.net/

%% Created for Juan Vargas at 2016-03-03 14:19:29 -0500 


%% Saved with string encoding Unicode (UTF-8) 



@book{1,
	Author = {Kraftmakher, Yaakov},
	Date-Added = {2016-03-03 19:17:06 +0000},
	Date-Modified = {2016-03-03 19:19:05 +0000},
	Publisher = {Oxford Oxfordshire: Oxford University Press},
	Title = {Experiments and Demonstrations in Physics},
	Year = {2007}}
