%% This BibTeX bibliography file was created using BibDesk.
%% http://bibdesk.sourceforge.net/

%% Created for Juan Vargas at 2016-02-17 22:10:42 -0500 


%% Saved with string encoding Unicode (UTF-8) 



@article{quinto,
	Author = {Leon Chua, Chai Wah Wu, Anshan Huang, and Guo-Qun Zhong},
	Date-Added = {2016-02-18 03:09:26 +0000},
	Date-Modified = {2016-02-18 03:10:27 +0000},
	Journal = {EEE Transactions on Cir- cuits and Systems-I: Fundamental Theory and Applications},
	Month = {October},
	Title = {A universal circuit for studying and generating chaos-part i: Routes to chaos},
	Year = {1993}}

@article{cuarto,
	Author = {Guo-Qon Zhong and F. Ayrom},
	Date-Added = {2016-02-18 03:08:31 +0000},
	Date-Modified = {2016-02-18 03:09:23 +0000},
	Journal = {IEEE Transactions on Circuits and Systems},
	Month = {May},
	Title = {Periodicity and chaos in chua's circuit},
	Year = {1985}}

@article{tercero,
	Author = {Michael Peter Kennedy},
	Date-Added = {2016-02-18 03:07:08 +0000},
	Date-Modified = {2016-02-18 03:08:25 +0000},
	Journal = {IEEE Transactions on Circuits and Systems- I: Fundamental Theory and Applications},
	Month = {October},
	Title = {Three steps to chaos- part ii: A chua's primer},
	Year = {1993}}

@article{segundo,
	Author = {Arturo Buscarino, Luigi Fortuna, Mattia Frasca, and Gre- gorio Sciuto},
	Date-Added = {2016-02-18 03:05:47 +0000},
	Date-Modified = {2016-02-18 03:07:04 +0000},
	Journal = {SpringerBriefs in Applied Sciences and Technology. Springer},
	Title = {A Concise Guide to Chaotic Electronic Circuits},
	Year = {2004}}

@article{primero,
	Author = {Edward N. Lorenz},
	Date-Added = {2016-02-18 02:52:34 +0000},
	Date-Modified = {2016-02-18 02:54:05 +0000},
	Journal = {Journal of the Atmospheric Sciences},
	Month = {March},
	Read = {0},
	Title = {Deterministic nonperiodic flow},
	Year = {1963}}
